<record><leader>00000cas a22000007a 4500</leader><controlfield tag="001">12564039</controlfield><controlfield tag="008">850917d18711900iluwr ne      0    0eng d</controlfield><datafield ind1=" " ind2=" " tag="010"><subfield code="a">sn 85034210 </subfield></datafield><datafield ind1=" " ind2=" " tag="040"><subfield code="a">NPU</subfield><subfield code="b">eng</subfield><subfield code="c">NPU</subfield><subfield code="d">NPV</subfield><subfield code="d">NVF</subfield><subfield code="d">OCLCQ</subfield><subfield code="d">CVF</subfield><subfield code="d">NVF</subfield><subfield code="d">N15</subfield><subfield code="d">OCLCQ</subfield><subfield code="d">OCLCO</subfield><subfield code="d">OCLCF</subfield></datafield><datafield ind1="1" ind2=" " tag="029"><subfield code="a">AU@</subfield><subfield code="b">000024693093</subfield></datafield><datafield ind1=" " ind2=" " tag="042"><subfield code="a">msc</subfield></datafield><datafield ind1=" " ind2=" " tag="043"><subfield code="a">n-us-il</subfield></datafield><datafield ind1="0" ind2=" " tag="130"><subfield code="a">Warren sentinel (Warren, Ill. : Weekly)</subfield></datafield><datafield ind1="1" ind2="4" tag="245"><subfield code="a">The Warren sentinel.</subfield></datafield><datafield ind1=" " ind2=" " tag="260"><subfield code="a">Warren, Ill. :</subfield><subfield code="b">Herst C. Gann,</subfield><subfield code="c">1871-1900.</subfield></datafield><datafield ind1=" " ind2=" " tag="300"><subfield code="a">v.</subfield></datafield><datafield ind1=" " ind2=" " tag="310"><subfield code="a">Weekly</subfield></datafield><datafield ind1="0" ind2=" " tag="362"><subfield code="a">Vol. 6, no. 12 (Oct. 17, 1871)-v. 43, no. 33 (Feb. 21, 1900).</subfield></datafield><datafield ind1=" " ind2=" " tag="580"><subfield code="a">Daily fair ed.: Warren daily sentinel (Warren, Ill. : Daily fair ed.), &lt;1873-1884&gt;</subfield></datafield><datafield ind1=" " ind2=" " tag="580"><subfield code="a">Daily Christmas season eds.: Warren daily sentinel (Warren, Ill. : 1895), 1895, and: Warren sentinel (Warren, Ill. : Daily), 1896.</subfield></datafield><datafield ind1=" " ind2=" " tag="580"><subfield code="a">Merged with: Warren leader (Warren, Ill.), to form: Warren sentinel-leader (Warren, Ill. : 1900).</subfield></datafield><datafield ind1=" " ind2="0" tag="651"><subfield code="a">Warren (Ill.)</subfield><subfield code="v">Newspapers.</subfield></datafield><datafield ind1=" " ind2="7" tag="655"><subfield code="a">Newspapers.</subfield><subfield code="2">fast</subfield><subfield code="0">(OCoLC)fst01423814</subfield></datafield><datafield ind1=" " ind2="7" tag="651"><subfield code="a">Illinois</subfield><subfield code="z">Warren.</subfield><subfield code="2">fast</subfield><subfield code="0">(OCoLC)fst01926170</subfield></datafield><datafield ind1=" " ind2=" " tag="752"><subfield code="a">United States</subfield><subfield code="b">Illinois</subfield><subfield code="c">Jo Daviess</subfield><subfield code="d">Warren.</subfield></datafield><datafield ind1="1" ind2=" " tag="775"><subfield code="t">Warren daily sentinel (Warren, Ill. : Daily fair ed.)</subfield><subfield code="w">(DLC)sn 93055955</subfield><subfield code="w">(OCoLC)28571127</subfield></datafield><datafield ind1="1" ind2=" " tag="775"><subfield code="t">Warren daily sentinel (Warren, Ill. : 1895)</subfield><subfield code="w">(DLC)sn 93055956</subfield><subfield code="w">(OCoLC)28571225</subfield></datafield><datafield ind1="1" ind2=" " tag="775"><subfield code="t">Warren sentinel (Warren, Ill. : Daily)</subfield><subfield code="w">(DLC)sn 87082202</subfield><subfield code="w">(OCoLC)15192315</subfield></datafield><datafield ind1="0" ind2="0" tag="780"><subfield code="t">Warren weekly sentinel</subfield><subfield code="w">(DLC)sn 87082201</subfield><subfield code="w">(OCoLC)15193491</subfield></datafield><datafield ind1="1" ind2="7" tag="785"><subfield code="t">Warren leader (Warren, Ill.)</subfield></datafield><datafield ind1="1" ind2="7" tag="785"><subfield code="t">Warren sentinel-leader (Warren, Ill. : 1900)</subfield><subfield code="w">(DLC)sn 87082200</subfield><subfield code="w">(OCoLC)15193640</subfield></datafield></record>